
@techreport{bateman1992plutonism,
  title={Plutonism in the central part of the Sierra Nevada batholith, California},
  author={Bateman, Paul C},
  year={1992}
}


@article{Wieczorek+1996,
  title   = "Triggering mechanisms and depositional rates of postglacial slopemovement
processes in the Yosemite Valley, California",
  journal = "Geomorphology",
  volume  = "15",
  pages   = "17-31",
  year    = "1996",
  author  = "Gerald F. Wieczorek and Stefan J{\"a}ger"
}


@article{stock2014quantitative,
  title={Quantitative rock-fall hazard and risk assessment for Yosemite Valley, Yosemite National Park, California},
  author={Stock, Greg M and Luco, Nicolas and Collins, Brian D and Harp, Edwin L and Reichenbach, Paola and Frankel, Kurt L},
  journal={US Geological Survey Scientific Investigations Report},
  volume={5129},
  number={2014},
  pages={52},
  year={2014}
}


@article{stock2010catastrophic,
  title={Catastrophic rock avalanche 3600 years BP from El Capitan, Yosemite Valley, California},
  author={Stock, Greg M and Uhrhammer, Robert A},
  journal={Earth Surface Processes and Landforms},
  volume={35},
  number={8},
  pages={941--951},
  year={2010},
  publisher={Wiley Online Library}
}


@article{wieczorek1998rockfall,
  title={Rockfall hazards in the Yosemite Valley},
  author={Wieczorek, Gerald F and Morrissey, Meghan M and Iovine, Giulio and Godt, J},
  journal={US Geol. Survey Open-File Report},
  volume={98},
  number={467},
  pages={8},
  year={1998},
  publisher={Citeseer}
}


@article{guzzetti2003rockfall,
  title={Rockfall hazard and risk assessment in the Yosemite Valley, California, USA},
  author={Guzzetti, F and Reichenbach, P and Wieczorek, GF},
  journal={Natural Hazards and Earth System Science},
  volume={3},
  number={6},
  pages={491--503},
  year={2003}
}


@techreport{matthes1930geologic,
  title={Geologic history of the Yosemite Valley},
  author={Matthes, Francois E},
  year={1930},
  institution={US Geological Survey}
}


@techreport{huber1987geologic,
  title={The geologic story of Yosemite national Park},
  author={Huber, N King},
  year={1987},
  institution={US Government Printing Office}
}


@article{cordes2013supporting,
  title={Supporting Evidence for a 9.6$\pm$1 ka Rock Fall Originating from Glacier Point in Yosemite Valley, California9. 6$\pm$1 ka Rock Fall, Glacier Point, Yosemite Valley, California},
  author={Cordes, Shaun E and Stock, Greg M and Schwab, Brandon E and Glazner, Allen F},
  journal={Environmental and Engineering Geoscience},
  volume={19},
  number={4},
  pages={345--361},
  year={2013},
  publisher={GeoScienceWorld}
}


@article{sass2006determination,
  title={Determination of the internal structure of alpine talus deposits using different geophysical methods (Lechtaler Alps, Austria)},
  author={Sass, Oliver},
  journal={Geomorphology},
  volume={80},
  number={1-2},
  pages={45--58},
  year={2006},
  publisher={Elsevier}
}


@article{otto2006comparing,
  title={Comparing geophysical methods for talus slope investigations in the Turtmann valley (Swiss Alps)},
  author={Otto, JC and Sass, O},
  journal={Geomorphology},
  volume={76},
  number={3-4},
  pages={257--272},
  year={2006},
  publisher={Elsevier}
}


@article{socco2010geophysical,
  title={Geophysical investigation of the Sandalp rock avalanche deposits},
  author={Socco, Laura Valentina and Jongmans, Denis and Boiero, Daniele and Stocco, Stefano and Maraschini, Margherita and Tokeshi, Ken and Hantz, Didier},
  journal={Journal of Applied Geophysics},
  volume={70},
  number={4},
  pages={277--291},
  year={2010},
  publisher={Elsevier}
}


@article{brody2015near,
  title={Near-surface geophysical imaging of a talus deposit in Yosemite Valley, California},
  author={Brody, Anna G and Pluhar, Christopher J and Stock, Greg M and Greenwood, W Jason},
  journal={Environmental \& Engineering Geoscience},
  volume={21},
  number={2},
  pages={111--127},
  year={2015},
  publisher={EEGS 1720 South Bellaire, Suite 110, Denver, CO 80222-4303, USA}
}


@mastersthesis{liu2018near,
  title={Near-surface geophysical imaging of the internal structure of el capitan meadow rock avalanche in yosemite national park, california},
  author={Liu, Christine},
  year={2018}
  school={California State University, Fresno}
}


@article{doetsch2012constraining,
  title={Constraining 3-D electrical resistance tomography with GPR reflection data for improved aquifer characterization},
  author={Doetsch, Joseph and Linde, Niklas and Pessognelli, Mirco and Green, Alan G and G{\"u}nther, Thomas},
  journal={Journal of Applied Geophysics},
  volume={78},
  pages={68--76},
  year={2012},
  publisher={Elsevier}
  
  
 @article{neal2004ground,
  title={Ground-penetrating radar and its use in sedimentology: principles, problems and progress},
  author={Neal, Adrian},
  journal={Earth-science reviews},
  volume={66},
  number={3-4},
  pages={261--330},
  year={2004},
  publisher={Elsevier}
}


@book{jol2008ground,
  title={Ground penetrating radar theory and applications},
  author={Jol, Harry M},
  year={2008},
  publisher={elsevier}
}


@article{plattner2019comunity, 
    title={}, 
    author={Plattner , Alain Mario and Pacheco, Marcus}, 
    journal={Near-Surface Views},
    volume={26},
    number={13-44},
    year={2019}, 
    month={Mar}}
    %publisher={}


@masterthesis{Pacheco2019geophysical,
  title={Geophysical Investigation of the Royal Arches Meadow Rock Avalanche in Yosemite Valley-CA},
  author={Pacheco, Marcus},
  year={2019},
  school={California State University, Fresno}
}


@article{mitchum1977seismic,
  title={Seismic stratigraphy and global changes of sea level: Part 2. The depositional sequence as a basic unit for stratigraphic analysis: Section 2. Application of seismic reflection configuration to stratigraphic interpretation},
  author={Mitchum Jr, RM and Vail, PR and Thompson III, Samuel},
  year={1977},
  publisher={AAPG Special Volumes}
}

@misc{gunther2013boundless,
  title={Boundless Electrical Resistivity Tomography BERT 2--the user tutorial},
  author={G{\"u}nther, Thomas and R{\"u}cker, Carsten},
  year={2013},
  publisher={Version}
}


